@comment{This file has been generated by Pybliographer}


@Book{Pes00,
  Author         = {Pesetsky, David},
  Title          = {Phrasal {M}ovement and {I}ts {K}in},
  Publisher      = {MIT Press},
  Address        = {Cambridge, MA},
  year           = 2000
}

@InProceedings{Wol96,
  Author         = {Wold, Dag},
  Title          = {Long {D}istance {S}elective {B}inding: {T}he {C}ase of
                   {F}ocus},
  BookTitle      = {Proceedings of {SALT} 6},
  Editor         = {Galloway, T and Spence, S},
  Pages          = {311-328},
  Address        = {Ithaca, NY},
  Publisher      = {CLC},
  year           = 1996
}

@InProceedings{Kim02,
 Author          = {Kim, Shin-Sook},
 Title           = {{Focus Matters: Two Types of Intervention Effects}},
 BookTitle       = {paper presented at WCCFL 21},
 Address         = {Santa Cruz},
 year            = 2002
}

@Article{Bec06,
  Author         = {Beck, Sigrid},
  Title          = {Intervention {E}ffects {F}ollow from {F}ocus
                   {I}nterpretation},
  Journal        = {Natural Language Semantics},
  Volume         = {14},
  Pages          = {1--56},
  year           = 2006
}

@Article{Roo92,
  Author         = {Rooth, Mats},
  Title          = {A {T}heory of {F}ocus {I}nterpretation},
  Journal        = {Natural Language Semantics},
  Volume         = {1},
  Pages          = {75--116},
  year           = 1992
}

@InProceedings{Kra91,
  Author         = {Kratzer, Angelika},
  Title          = {The {R}epresentation of {F}ocus},
  BookTitle      = {Semantics: {A}n {I}nternation {H}andbook of
                   {C}ontemporary {R}esearch},
  Editor         = {von Stechow, Arnim and Wunderlich, D},
  Pages          = {825--834},
  Address        = {Berlin},
  Publisher      = {Walter de Gruyter},
  year           = 1991
}

@PhDThesis{Roo85,
 Author			 = {Rooth, Mats},
 Title			 = {{Association with Focus}},
 School			 = {University of Massachusetts},
 Address		 = {Amherst, MA},
 year			 = 1985
}




@Article{Rizzi2013,
  Author         = {Rizzi, Luigi},
  Title          = {Locality},
  Journal        = {Lingua},
  Volume         = {130},
  Pages          = {169--186},
  year           = 2013
}




@Book{Rizzi1990,
  Author         = {Rizzi, Luigi},
  Title          = {Relativized minimality},
  Publisher      = {MIT Press},
  Address        = {Cambridge, MA},
  year           = 1990
}


@InProceedings{Ruang02,
  Author         = {Ruangjaroon, Sugunya},
  Title          = {Thai Wh in-situ},
  BookTitle      = {Talk presented at NWCL, Simon Fraser University, April 6-7, 2002},
  year           = 2002
}


@Misc{Soh01,
  Author         = {Soh, Hooi Ling},
  Title          = {On Intervention Effects: Some Notes from Chinese},
  Note           = {Ms.},
  Address        = {University of Minnesota, Twin Cities},
  year           = 2001
}

@PhDThesis{Truc95,
  Author         = {Truckenbrodt, Hubert},
  Title          = {{Phonological Phrases; Their Relation to Syntax, Focus and Prominence}},
  University     = {MIT},
  year           = 1995
}